@article{Rayleigh,
    title = {A simple lattice Boltzmann model for turbulence Rayleigh–Bénard thermal convection},
    journal = {Computers \& Fluids},
    volume = {118},
    pages = {167-171},
    year = {2015},
    issn = {0045-7930},
    doi = {https://doi.org/10.1016/j.compfluid.2015.06.003},
    url = {https://www.sciencedirect.com/science/article/pii/S0045793015001863},
    author = {Yikun Wei and Zhengdao Wang and Jianfei Yang and Hua-Shu Dou and Yuehong Qian},
    keywords = {Lattice Boltzmann, Rayleigh–Bénard convection, Energy spectra}
}